% This file was created with JabRef 2.7b.
% Encoding: ANSI_X3.4-1968

@TECHREPORT{cai2011,
  author = {Cai, Y.},
  title = {A Linear Theory of Microwave Instability in Electron Storage Rings},
  institution = {SLAC},
  year = {2011},
  type = {PUB},
  number = {14474},
  file = {:/home/ABTLUS/fernando.sa/Biblioteca/WakeFields, Impedances and Instabilities/Cai Y - A Linear Theory of Microwave Instability in Electron Storage Rings - SLAC-PUB-14474.pdf:PDF},
  keywords = {microwave mode coupling instability vlasov},
  owner = {fernando.sa},
  timestamp = {2013.07.05}
}

@TECHREPORT{datasheetcmd5005,
  author = {TCI Ceramics},
  title = {CMD5005 DataSheet},
  institution = {National Magnetics Group},
  file = {:/home/ABTLUS/fernando.sa/Documents/Reports Internos/Impedancia_ferrite_Kicker/CMD5005.pdf:PDF},
  keywords = {Ferrites Magnets Iron Cores Garnet Dielectrics},
  owner = {fernando.sa},
  timestamp = {2013.06.08}
}

@BOOK{Chao1993,
  title = {Physics of Collective Beam Instabilities in High Energy Accelerators},
  publisher = {John Wiley \& Sons},
  year = {1993},
  editor = {M. Month},
  author = {A. W. Chao},
  pages = {73},
  series = {Wiley Series in Beam Physics and Accelerators Technology},
  keywords = {Impedance, Instability, chao},
  owner = {fernando.sa},
  timestamp = {2013.07.02}
}

@MANUAL{moses1986,
  title = {MOSES Users' Guide},
  author = {Chin, Y. H.},
  organization = {CERN-SPS},
  month = {January},
  year = {1986},
  note = {MOde-coupling Single bunch instability in an Electron Storage ring},
  file = {:/home/ABTLUS/fernando.sa/Biblioteca/WakeFields, Impedances and Instabilities/Chin YH - MOSES Users' Guide - CERN-SPS-86-2.pdf:PDF},
  keywords = {MOSES transverse mode coupling vlasov instability},
  owner = {fernando.sa},
  timestamp = {2013.07.05}
}

@TECHREPORT{chin1985,
  author = {Chin, Y. H.},
  title = {Transverse Mode Coupling Instabilities in the SPS},
  institution = {CERN-SPS},
  year = {1985},
  type = {DI-MST},
  number = {85-2},
  month = {February},
  file = {:/home/ABTLUS/fernando.sa/Biblioteca/WakeFields, Impedances and Instabilities/Chin YH - Transverse Mode Coupling Instabilities in the SPS - CERN-SPS-85-2.pdf:PDF},
  keywords = {Transverse Mode coupling instabilities vlasov},
  owner = {fernando.sa},
  timestamp = {2013.07.05}
}

@ARTICLE{DavinoHahn2003,
  author = {Davino, Daniele and Hahn, Harald},
  title = {Improved Analytical Model of the Transverse Coupling Impedance of
	Ferrite Kicker Magnets},
  journal = {Phys. Rev. ST - Accel. and Beams},
  year = {2003},
  volume = {6},
  pages = {012001},
  month = {Jan},
  doi = {10.1103/PhysRevSTAB.6.012001},
  file = {:/home/ABTLUS/fernando.sa/Biblioteca/WakeFields, Impedances and Instabilities/Davino_D Hahn_H - Improved Analytical Model of the transverse coupling impedance of ferrite kicker magnets - Physical Review ST-AB v6 012001 2003.pdf:PDF},
  keywords = {Kicker, Impedance, Transverse, coupled},
  owner = {fernando.sa},
  timestamp = {2013.06.11},
  url = {http://link.aps.org/doi/10.1103/PhysRevSTAB.6.012001}
}

@INPROCEEDINGS{Benedetti2008,
  author = {G. Benedetti, D. Einfeld, Z. Marti, M. Munoz, M. Pont},
  title = {Optics for the ALBA Booster Synchrotron},
  booktitle = {Proceedings of EPAC08},
  year = {2008},
  pages = {2148-2150},
  organization = {ALBA},
  abstract = {Proceedings of EPAC08},
  file = {:/home/ABTLUS/fernando.sa/Biblioteca/Artigos de Redes Lineares e Projetos Completos de outros Boosters/Benedetti_G Einfeld_D Marti_Z Munoz_M Pont_M - Optics for the ALBA Booster Synchrotron - EPAC08-WEPC067.pdf:PDF},
  keywords = {booster, dipole, sextupole, quadrupole, lattice, closed-orbit},
  owner = {fernando.sa},
  timestamp = {2013.06.14}
}

@TECHREPORT{hahn_davino_caap522001,
  author = {Hahn, Harald and Ratti, A.},
  title = {The Coupling Impedance of the RHIC Injection Kicker System},
  institution = {BNL},
  year = {2001},
  type = {C-A-AP},
  number = {52},
  month = {May},
  abstract = {7V028 D.2Z Impedance},
  file = {:/home/ABTLUS/fernando.sa/Biblioteca/WakeFields, Impedances and Instabilities/Hahn_H Davino_D - Transverse Coupling Impedance of the RHIC Abort Kicker - BNL - C-A-AP-52 - 2001.pdf:PDF},
  keywords = {impedance, kicker},
  owner = {fernando.sa},
  timestamp = {2013.06.08},
  url = {http://public.bnl.gov/docs/cad/Documents/Transverse%20Coupling%20Impedance%20of%20the%20RHIC%20Abort%20Kicker.pdf}
}

@INPROCEEDINGS{kersevan2002,
  author = {Kersevan, R.},
  title = {NEG-Coated Vacuum Chambers at the ESRF: Present Status and Future
	Plans},
  booktitle = {InProceedings of EPAC 2002},
  year = {2002},
  abstract = {Accelerator Technology},
  file = {:/home/ABTLUS/fernando.sa/Biblioteca/WakeFields, Impedances and Instabilities/Kersevan_R - NEG-Coated Vacuum chambers at the ESRF - Present Status and Future Plans - EPAC2002.pdf:PDF},
  keywords = {NEG},
  owner = {fernando.sa},
  timestamp = {2013.07.03}
}

@INPROCEEDINGS{kurennoy1993_kicker,
  author = {Sergey S. Kurennoy},
  title = {Using a Ceramic Chamber in Kicker Magnets},
  booktitle = {Proceedings of PAC 1993},
  year = {1993},
  pages = {3420-3422},
  abstract = {Multiparticle Beam Dynamics},
  file = {:/home/ABTLUS/fernando.sa/Biblioteca/WakeFields, Impedances and Instabilities/Kurennoy_S - Using a Ceramic Chamber in Kicker Magnets - PAC1993-3420.PDF:PDF},
  owner = {fernando.sa},
  timestamp = {2013.06.11}
}

@UNPUBLISHED{metral_talk2011,
  author = {Metral, E. and Mounet, N. and Salvant, B.},
  title = {Modification of the vacuum chamber in ATLAS - Effect on impedance
	and related quantities},
  year = {2011},
  file = {:/home/ABTLUS/fernando.sa/Biblioteca/WakeFields, Impedances and Instabilities/Metral_E Mounet_N Salvant_B - Modification of the Vacuum Chamber in ATLAS\: Effect on Impedance and Related Quantities - Talk - 2011.pdf:PDF},
  keywords = {NEG resistive wall impedance},
  owner = {fernando.sa},
  timestamp = {2013.07.03}
}

@TECHREPORT{scw2009,
  author = {Mezentsev, N. and et al},
  title = {4 Tesla Superconducting Multipole Wiggler for LNLS},
  institution = {Budker Institute of Nuclear Physics},
  year = {2009},
  file = {:/home/ABTLUS/fernando.sa/Biblioteca/manual_equipamentos/4 Tesla LNLS SCWtechreport.pdf:PDF},
  keywords = {wiggler power loss heating},
  owner = {fernando.sa},
  timestamp = {2013.07.29}
}

@TECHREPORT{mounet_metral2010,
  author = {Mounet, N. and Metral, E.},
  title = {Electromagnetic fields and beam coupling impedances in a multilayer
	flat chamber},
  institution = {CERN-ATS},
  year = {2010},
  type = {Note},
  number = {2010-056},
  month = {December},
  file = {:/home/ABTLUS/fernando.sa/Biblioteca/WakeFields, Impedances and Instabilities/Mounet_N Metral_E - Electromagnetic fields and beam coupling impedances in a multilayer flat chamber - CERN-ATS-Note-2010-056 TECH.pdf:PDF},
  keywords = {electromagnetic-fields impedance multilayer flat space-charge},
  owner = {fernando.sa},
  timestamp = {2013.07.04}
}

@INPROCEEDINGS{mounet_metralhb2010,
  author = {Mounet, N. and Metral, E.},
  title = {Impedances of Two Dimensional Multilayer Cylindrical and Flat Chambers
	in the Non-Ultrarelativistic Case},
  booktitle = {Proceeding of HB2010},
  year = {2010},
  number = {TUO1C02},
  pages = {353-355},
  abstract = {Beam Dynamics in High-Intensity Circular Machines/},
  file = {:/home/ABTLUS/fernando.sa/Biblioteca/WakeFields, Impedances and Instabilities/Mounet_N Metral_E - Impedances of Two Dimensional Multilayer Cylindrical and Flat Chambers in the Non-ultrarelativistic Case - HB2010-TUO1C02.pdf:PDF},
  institution = {CERN},
  keywords = {impedance, space-charge, vacuum, coupling, electromagnetic-fields},
  owner = {fernando.sa},
  timestamp = {2013.07.04}
}

@TECHREPORT{mounet_metral2009,
  author = {N. Mounet and E. Metral},
  title = {Electromagnetic field created by a macroparticle in an infinitel
	long and axisymmetric multilayer beam pipe},
  institution = {CERN - BE Department},
  year = {2009},
  number = {039},
  month = {November},
  file = {:/home/ABTLUS/fernando.sa/Biblioteca/WakeFields, Impedances and Instabilities/Mounet_N Metral_E - Electromagnetic field created by a macroparticle in an infinitel long and axisymmetric multilayer beam pipe - CERN-BE-2009-039.pdf:PDF},
  keywords = {Impedance, Multi-layer, axisymmetric, resistive wall},
  owner = {fernando.sa},
  timestamp = {2013.07.02}
}

@INPROCEEDINGS{nagaoka2006,
  author = {Nagaoka, R.},
  title = {Instability Studies Using Evaluated Wake Fields and Comparison With
	Observations at Soleil},
  booktitle = {Proceedings of EPAC 2006},
  year = {2006},
  number = {THPCH032},
  pages = {2847-2849},
  file = {:/home/ABTLUS/fernando.sa/Biblioteca/WakeFields, Impedances and Instabilities/Nagaoka_R - Instability Studies Using Evaluated Wake Fields and Comparison with Observations at Soleil - THPCH032_EPAC2006.PDF:PDF},
  keywords = {instability impedance budget broad-band},
  owner = {fernando.sa},
  timestamp = {2013.07.04}
}

@INPROCEEDINGS{nagaoka2004,
  author = {R. Nagaoka},
  title = {Study of Resistive-wall Effects on SOLEIL},
  booktitle = {Proceedings of EPAC 2004},
  year = {2004},
  pages = {2038-2040},
  abstract = {Proceedings of EPAC 2004},
  file = {:/home/ABTLUS/fernando.sa/Biblioteca/WakeFields, Impedances and Instabilities/Nagaoka R - Study of Resistive Wall Effects on Soleil - EPAC2004.PDF:PDF},
  keywords = {impedance, single-bunch, vacuum, focusing, synchrotron},
  owner = {fernando.sa},
  timestamp = {2013.07.03}
}

@INPROCEEDINGS{nagaoka1999,
  author = {Nagaoka, R. and Revol, J. L. and Kernel, P. and Besnier, G.},
  title = {Transverse Instabilities in the ESRF Storage Ring: Simulation, Experimental
	Results and Impedance Modelling},
  booktitle = {Proceedings of the 1999 Particle Accelerator Conference},
  year = {1999},
  file = {:/home/ABTLUS/fernando.sa/Biblioteca/WakeFields, Impedances and Instabilities/Nagaoka R Revol JL Kernel P - Transverse Instabilities in the ESRF Storage Ring Simulation Experimental Results and Impedance Modelling - PAC 1999.PDF:PDF},
  keywords = {impedance broad-band instabilities},
  owner = {fernando.sa},
  timestamp = {2013.07.04}
}

@TECHREPORT{Nassibian1986,
  author = {Nassibian, G.},
  title = {The Real part of the Low Frequency Beam Impedance of Travelling Wake
	Kickers with Arbitrary Terminations},
  institution = {CERN-PS},
  year = {1986},
  number = {85-68},
  file = {:/home/ABTLUS/fernando.sa/Biblioteca/WakeFields, Impedances and Instabilities/Nassibian_G - The Real Part of the Low Frequency Beam Impedance of Travelling Wake Kickers with Arbitrary Terminations - CERN-PS-85-68 - 1986.pdf:PDF},
  owner = {fernando.sa},
  timestamp = {2013.06.11}
}

@TECHREPORT{Nassibian1984,
  author = {Nassibian, G.},
  title = {The Low Frequency Beam Impedance of Matched Travelling Wave Kickers},
  institution = {CERN-PS},
  year = {1984},
  number = {84-25},
  file = {:/home/ABTLUS/fernando.sa/Biblioteca/WakeFields, Impedances and Instabilities/Nassibian_G - The Low Frequency Beam Impedance of Matched Travelling Wave Kickers - CERN-PS-84-25 - 1984.pdf:PDF},
  keywords = {Kicker, travelling, transverse, impedance},
  owner = {fernando.sa},
  timestamp = {2013.06.11}
}

@ARTICLE{NassibianSacherer1979,
  author = {Nassibian, G. and Sacherer, F.},
  title = {Methods for Measuring Transverse Coupling Impedances in Circular
	Accelerators},
  journal = {Nucluear Instruments and Methods},
  year = {1979},
  volume = {159},
  pages = {21-27},
  file = {:/home/ABTLUS/fernando.sa/Biblioteca/WakeFields, Impedances and Instabilities/Nassibian_G Sacherer_F - Methods for measuring tranverse coupling impedances in circular Accelerators - Nucl Inst and Methods 159 21-27 1979.pdf:PDF},
  keywords = {Impedance, Measurement, Kicker, Transverse},
  owner = {fernando.sa},
  timestamp = {2013.06.11}
}

@ARTICLE{gluckstern1993,
  author = {Robert L. Gluckstern, Johannes van Zeijts, and Bruno Zotter},
  title = {Coupling impedance of beam pipes of general cross section},
  journal = {Phys. Rev. E},
  year = {1993},
  volume = {47},
  pages = {656-663},
  number = {1},
  month = {January},
  doi = {10.1103/PhysRevE.47.656},
  file = {:/home/ABTLUS/fernando.sa/Biblioteca/WakeFields, Impedances and Instabilities/Gluckstern RL Zeijts J  Zotter B - Coupling impedance of beam pipes of general cross section - Phys Rev E 47 p656 1993.pdf:PDF},
  keywords = {Resistive-wall, impedance, general cross section},
  owner = {fernando.sa},
  timestamp = {2013.07.03},
  url = {http://dx.doi.org/10.1103/PhysRevE.47.656}
}

@INPROCEEDINGS{NielsenMoller2005,
  author = {S. Friis-Nielsen, S.P. Moller},
  title = {Beam Dynamics Aspects of the ASP Booster},
  booktitle = {Proceeding of 2005 Particle Accelerator Conference},
  year = {2005},
  pages = {4150-4152},
  organization = {Danfysik A/S},
  abstract = {Proceedings of 2005 Particle Accelerator Conference},
  file = {:/home/ABTLUS/fernando.sa/Biblioteca/Artigos de Redes Lineares e Projetos Completos de outros Boosters/Friis-Nielsen_S Moller_SP - Beam Dynamics Aspects of The ASP Booster - PAC2005.pdf:PDF},
  keywords = {emittance, closed-orbit, booster, synchrotron, injection},
  owner = {fernando.sa},
  timestamp = {2013.06.14}
}

@TECHREPORT{kheifets1985,
  author = {Kheifets S. and Zotter, B.},
  title = {Longitudinal and Transverse Impedances of Bellows in the low Frequency
	Range},
  institution = {CERN-LEP},
  year = {1985},
  number = {85-27},
  month = {June},
  file = {:/home/ABTLUS/fernando.sa/Biblioteca/WakeFields, Impedances and Instabilities/Kheifets_S Zotter_B - Longitudinal and Transverse Impedances of Bellows in the low Frequency Range - CERN-LEP-TH-85-27 - 1985.pdf:PDF},
  keywords = {Bellows impedance analytic field matching perturbation},
  owner = {fernando.sa},
  timestamp = {2013.08.09}
}

@INBOOK{nsls2007,
  chapter = {2},
  pages = {18},
  title = {NSLS-II Preliminary Design Report},
  publisher = {NSLS},
  year = {2007},
  editor = {NSLS Editor},
  author = {NSLS Team},
  file = {:/home/ABTLUS/fernando.sa/Biblioteca/Artigos de Redes Lineares e Projetos Completos de outros Boosters/NSLS-II Preliminary Design Report November 2007.pdf:PDF},
  keywords = {booster, design report, accelerator physics},
  owner = {fernando.sa},
  timestamp = {2013.06.14}
}

@INBOOK{tps2004,
  chapter = {3.3},
  pages = {1-43},
  title = {TPS Design Report},
  publisher = {TPS},
  year = {2004},
  editor = {TPS Team},
  author = {TPS Team},
  file = {:/home/ABTLUS/fernando.sa/Biblioteca/Artigos de Redes Lineares e Projetos Completos de outros Boosters/TPS - Booster.pdf:PDF},
  keywords = {booster, tps, lattice, closed-orbit, emittance, ramp effects, magnets},
  owner = {fernando.sa},
  timestamp = {2013.06.14}
}

@TECHREPORT{tsutsui2000,
  author = {Tsutsui, H.},
  title = {Some Simplified Models of Ferrite Kicker Magnet for Calculation of
	Longitudinal Coupling Impedance},
  institution = {CERN-SL},
  year = {2000},
  type = {AP},
  number = {2000-004},
  month = {January},
  file = {:/home/ABTLUS/fernando.sa/Biblioteca/WakeFields, Impedances and Instabilities/Tsutsui_H - Some Simplified Models of Ferrite Kicker Magnet for Calculation of longitudinal Coupling Impedance - CERN-SL-2000-004.pdf:PDF},
  keywords = {kicker impedance electromagnetic-fields},
  owner = {fernando.sa},
  timestamp = {2013.07.04}
}

@TECHREPORT{tsutsui_vos2000,
  author = {Tsutsui, H. and Vos, L.},
  title = {Transverse Coupling Impedance of a Simplified Ferrite Kicker Magnet
	Model},
  institution = {CERN-SL},
  year = {2000},
  type = {LHC Project Note},
  number = {234},
  month = {September},
  file = {:/home/ABTLUS/fernando.sa/Biblioteca/WakeFields, Impedances and Instabilities/Tsutsui_H - Transverse Coupling Impedance of a Simplified Ferrite Kicker Magnet Model - LHC Project Note 234 - 2000.pdf:PDF},
  keywords = {transverse coupling impedance, ferrite kicker magnet electromagnetic-fields},
  owner = {fernando.sa},
  timestamp = {2013.07.04}
}

@INPROCEEDINGS{VoelkerLambertson1989,
  author = {Voelker, Ferd and Lambertson, Glen},
  title = {Beam Impedance of Ferrite Kicker Magnets},
  booktitle = {Proceedings of PAC 1989},
  year = {1989},
  number = {CH2669},
  pages = {851-853},
  publisher = {IEEE},
  abstract = {Beam-Dynamics 1},
  file = {:/home/ABTLUS/fernando.sa/Biblioteca/WakeFields, Impedances and Instabilities/Voelker_F Lambertson_G - Beam Impedance Of ferrite Kicker magnets - CH2669-O-89-0000-0851SOl.00-PAC1989.PDF:PDF},
  keywords = {Kicker, impedance, coupled, circuit},
  owner = {fernando.sa},
  timestamp = {2013.06.11}
}

@ELECTRONIC{matwebsite,
  author = {www.matweb.com},
  title = {Material Property Data},
  organization = {MatWeb},
  address = {www.matweb.com},
  url = {www.matweb.com},
  citeseerurl = {www.matweb.com},
  comment = {Copyright 1996-2013 by MatWeb,},
  file = {:/home/ABTLUS/fernando.sa/Biblioteca/manual_equipamentos/4 Tesla LNLS SCWtechreport.pdf:PDF;:/home/ABTLUS/fernando.sa/Biblioteca/WakeFields, Impedances and Instabilities/Zagorodnov_I - Long-time numerical computation of electromagnetic fields in the vicinity of a relativistic source - JCP-191 - 2003.pdf:PDF},
  institution = {MatWeb},
  keywords = {materials properties permeability permissivity},
  owner = {fernando.sa},
  timestamp = {2013.06.08}
}

@ARTICLE{yokoya1993,
  author = {Kaoru Yokoya},
  title = {Resistive Wall Impedance of Beam Pipes of General Cross Section},
  journal = {Particle Accelerators},
  year = {1993},
  volume = {41},
  pages = {221-248},
  month = {April},
  file = {:/home/ABTLUS/fernando.sa/Biblioteca/WakeFields, Impedances and Instabilities/Yokoya K - Resistive wall impedance of beam pipes of general cross-section - Part Accel 1993 41 221-248.pdf:PDF},
  keywords = {Resistive-wall, impedance, general},
  owner = {fernando.sa},
  timestamp = {2013.07.03}
}

@ARTICLE{zagorodnov2003,
  author = {Zagorodnov, I.},
  title = {Long-time numerical computation of electromagnetic fields in the
	vicinity of a relativistic source},
  journal = {Journal of Computational Physics},
  year = {2003},
  volume = {191},
  pages = {525-541},
  month = {June},
  doi = {doi:10.1016/S0021-9991(03)00329-2},
  file = {:/home/ABTLUS/fernando.sa/Biblioteca/WakeFields, Impedances and Instabilities/Zagorodnov_I - Long-time numerical computation of electromagnetic fields in the vicinity of a relativistic source - JCP-191 - 2003.pdf:PDF},
  keywords = {Maxwell's equations ; FDTD ; Finite integration ; Conformal ; Wake
	field},
  owner = {fernando.sa},
  timestamp = {2013.08.14}
}

@TECHREPORT{zotter1971,
  author = {Zotter, B.},
  title = {The Transverse Coupling Impedance of Cross-Section Variations at
	Low Frequencies},
  institution = {CERN-ISR},
  year = {1971},
  number = {71-13},
  month = {March},
  abstract = {Image},
  file = {:/home/ABTLUS/fernando.sa/Biblioteca/WakeFields, Impedances and Instabilities/Zotter_B - The Transverse Coupling Impedance of Cross-Section Variations at Low Frequencies - CERN-ISR-TH-71-13 1971.pdf:PDF},
  keywords = {analytic impedance bellows transverse},
  owner = {fernando.sa},
  timestamp = {2013.08.14}
}

@TECHREPORT{MAD,
  author = {Iselin, F. C.},
  title = {The MAD Program},
  institution = {CERN},
  year = {1992},
  number = {SL/92},
  abstract = {Image},
  keywords = {mad,simulation},
  owner = {natalia.milas},
  timestamp = {2014.04.01}
}


@TECHREPORT{OPA,
  author = {Streun, A.},
  title = {OPA version 3.32},
  institution = {PSI},
  year = {2011},
  keywords = {tracking,simulation},
  owner = {natalia.milas},
  timestamp = {2014.04.08}
}

@TECHREPORT{Tracy3,
  author = {Zhang, J. and Nadolsky, L.},
  title = {User manual for Tracy3},
  institution = {SOLEIL},
  keywords = {tracking,simulation},
  owner = {natalia.milas},
  timestamp = {2014.04.08}
}

@INPROCEEDINGS{MOGA,
  author = {Yang, L. and Robin, D. and Sannibale, F. and Steier, C. and Wan, W.},
  title = {Global optimization of the magnetic lattice using genetic algorithms},
  booktitle = {Proceedings of EPAC 2008},
  year = {2008},
  number = {THPC033},
  pages = {3050-3052},
  publisher = {IEEE},
  keywords = {tracking,simulation},
  owner = {natalia.milas},
  timestamp = {2014.04.08}
}

@TECHREPORT{Elegant1,
  author = {Borland, M.},
  title = {elegant: A Flexible SDDS-Compliant Code for Accelerator Simulation},
  institution = {APS},
  year = {2000},
  number = {LS-287},
  abstract = {Image},
  keywords = {tracking,simulation},
  owner = {natalia.milas},
  timestamp = {2014.04.08}
}

@INPROCEEDINGS{Elegant2,
  author = {Wang, Y. and Borland, M.},
  title = {Pelegant: A Parallel Accelerator Simulation Code for Electron Generation and Tracking},
  booktitle = {Proceedings of the 12th Advanced Accelerator Concepts Workshop},
  year = {2006},
  pages = {241-247},
  keywords = {tracking,simulation},
  owner = {natalia.milas},
  timestamp = {2014.04.08}
}


@ARTICLE{JohnByrd2002,
  author = {Byrd, J. M. and De Santis, S. and Jacob, J. and Serriere, V.},
  title = {Transient beam loading effects in harmonic rf systems fro light sources},
  journal = {Physical Review Special Topics - Accelerators and Beams},
  year = {2002},
  volume = {5},
  number = {092001},
  month = {June},
  doi = {doi:10.1103/PhysRevSTAB.5.092001},
  keywords = {harmonic cavitiy, RF system},
  owner = {natalia.milas},
  timestamp = {2014.04.08}
}

@INPROCEEDINGS{Terebilo2001,
  author = {Terebilo, A.},
  title = {Accelerator modeling with MATLAB accelerator toolbox},
  booktitle = {Proceedings of PAC 2001},
  year = {2001},
  number = {RPAH314},
  pages = {3203-3205},
  publisher = {IEEE},
  keywords = {tracking,simulation},
  owner = {natalia.milas},
  timestamp = {2014.04.08}
}

@TECHREPORT{CIMP,
  author = {Mtingwa, S. K. and Tollestrup, A. V.},
  title = {Intrabeam scattering formulae for asymptotic beams with unequal 
  horizontal and vertical emittances},
  institution = {FERMILAB},
  year = {1987},
  number = {Pub-89/224},
  abstract = {Image},
  keywords = {CIMP, IBS},
  owner = {natalia.milas},
  timestamp = {2014.04.08}
}

@INPROCEEDINGS{Mitsuhashi2012,
  author = {Boland, M. J. and Mitsuhashi, T. and Wootton, K. P.},
  title = {Intensity imbalance optical interferomenter beam size monitor},
  booktitle = {Proceedings of IBIC 2012},
  year = {2012},
  number = {WECC03},
  pages = {566-570},
  publisher = {IEEE},
  abstract = {Beam-Dynamics 1},
  keywords = {diagnostic, beam size, vis-UV},
  owner = {natalia.milas},
  timestamp = {2014.04.08}
}

@ARTICLE{XRayPinhole2010,
  author = {Thomas, C and Rehm, G. and Martin, I. and Bartolini, R.},
  title = {X-ray pinhole camera resolution and emittance measurement},
  journal = {Physical Review Special Topics - Accelerators and Beams},
  year = {2010},
  volume = {13},
  number = {022805},
  month = {February},
  doi = {doi:10.1103/PhysRevSTAB.13.022805},
  keywords = {diagnostic, x-ray, pinhole},
  owner = {natalia.milas},
  timestamp = {2014.04.08}
}

@ARTICLE{FresnelZonePlates2007,
  author = {Sakai, H. and Fijusawa, M. and Iida, K. and Kudo, H. and Nakamura, N. and Shinoe, K and
  Tanaka, T. and Hayano, H. and Kuriki, M. and Muto, T.},
  title = {Improvement of Fresnel zone plate beam-profile monitor and application
  to ultra-low emittance profile measurement},
  journal = {Physical Review Special Topics - Accelerators and Beams},
  year = {2007},
  volume = {10},
  number = {042801},
  month = {April},
  doi = {doi:10.1103/PhysRevSTAB.10.042801},
  keywords = {diagnostic, x-ray, pinhole, fresnel zone plate},
  owner = {natalia.milas},
  timestamp = {2014.04.08}
}

@ARTICLE{Ake2008,
  author = {Andersson, A. and B\"{o}ge, M. and Ludeke, A. and Schlott, V. and Streun, A},
  title = {Determination of a small vertical electron beam profile and emittance at the 
  Swiss Light Source},
  journal = {Nuclear Instruments and Methods in Physics Research A},
  year = {2008},
  volume = {591},
  pages = {437-446},
  month = {March},
  doi = {doi:10.1016/j.nima.2008.02.095},
  keywords = {diagnostic, vis-UV, pi-polarization},
  owner = {natalia.milas},
  timestamp = {2014.04.08}
}

@ARTICLE{CLR1998,
  author = {Elleaume P.},
  title = {Optimization of compound refractive lenses for X-rays},
  journal = {Nuclear Instruments and Methods in Physics Research A},
  year = {1998},
  volume = {412},
  pages = {483-506},
  doi = {doi:10.1016/S0168-9002(98)00474-4},
  keywords = {X-ray focusing, Refractive lenses, Imaging},
  owner = {natalia.milas},
  timestamp = {2014.04.08}
}

@ARTICLE{CLR2001,
  author = {Lengeler, B. and Schoer, C. G. and Benner, B. and G\"{u}nzler, T. F. and Kuhlmann, M. and
  T\"{u}mmler, J. and Simionovici, S. and Drakopoulos, M. and Snigirev, A. Snigreva, I.},
  title = {Parabolic refractive X-ray lenses: a breaktrought in X-ray optics},
  journal = {Nuclear Instruments and Methods in Physics Research A},
  year = {2001},
  volume = {467-468},
  pages = {944-950},
  doi = {doi:10.1103/PhysRevSTAB.10.042801},
  keywords = {diagnostic, x-ray, pinhole, fresnel zone plate},
  owner = {natalia.milas},
  timestamp = {2014.04.08}
}

@TECHREPORT{Bane2012,
  author = {Bane, K. L. F.},
  title = {Intra-beam scattering, impedence, and instabilities in ultimate storage rings},
  institution = {SLAC},
  year = {2012},
  number = {PUB-14892},
  abstract = {Image},
  keywords = {IBS, Piwiski},
  owner = {natalia.milas},
  timestamp = {2014.04.08}
}

@INPROCEEDINGS{Spentzouris1999,
  author = {Spentzouris, L. K. and Baht, C. and Colestock, P. L.},
  title = {Measurements of Intrabeam Scattering Rates below 
  Transition in the Fermilab Antiproton Accumulator},
  booktitle = {Proceedings of PAC 1999},
  year = {1999},
  number = {THP87},
  pages = {3155-3157},
  publisher = {IEEE},
  abstract = {IBS},
  keywords = {IBS,hadron},
  owner = {natalia.milas},
  timestamp = {2014.04.08}
}

@INPROCEEDINGS{IBSinRHIC2001,
  author = {Fischer, W. and Blaskiewicz, M. and Brennan, M. and Cameron, P. and Connolly, R.
  and Lehrach, A. and Parzen, G. and Tepikian, S. and Zeno, K. and van Zeijts, J.},
  title = {Measurements of intra-beam scattering growth times with gold beam below transition 
  in RHIC},
  booktitle = {Proceedings of PAC 1999},
  year = {2001},
  number = {RPAH007},
  pages = {2857-2859},
  publisher = {IEEE},
  abstract = {IBS},
  keywords = {IBS,hadron},
  owner = {natalia.milas},
  timestamp = {2014.04.08}
}

@MISC{Piwinski1987,
  author = {Piwinski, A.},
  title = {Intra-beam scattering},
  booktitle = {CAS - CERN Accelerator School : Accelerator Physics},
  year = {1987},
  number = {CERN-87-03-V-1},
  pages = {402},
  keywords = {IBS},
  owner = {natalia.milas},
  timestamp = {2014.04.08}
}

@TECHREPORT{Martini84,
  author = {Martini, M.},
  title = {Intrabeam scattering in the acol-aa machines},
  institution = {CERN},
  year = {1984},
  number = {CERN-PS-84-9-AA},
  abstract = {Image},
  keywords = {IBS, Piwiski},
  owner = {natalia.milas},
  timestamp = {2014.04.08}
}

@TECHREPORT{Mtingwa1982,
  author = {Bjorken, J. D. and Mtingwa, S. K.},
  title = {Intrabeam scattering},
  institution = {FERMILAB},
  year = {1982},
  number = {PUB-82-47-THY},
  pages ={115-143}
  keywords = {IBS, Piwiski},
  owner = {natalia.milas},
  timestamp = {2014.04.08}
}

@ARTICLE{Bane2002,
  author = {Bane, K. F. L. and Hayano, H. and Kubo, K. and Naito, T. and Okugi, T. and Urakawa, J.},
  title = {Intrabeam scattering analysis of measurements at KEK's ATF damping ring},
  journal = {Physical Review Special Topics - Accelerators and Beams},
  year = {2002},
  volume = {5},
  number = {084403},
  month = {August},
  doi = {doi:10.1103/PhysRevSTAB.5.084403},
  keywords = {IBS},
  owner = {natalia.milas},
  timestamp = {2014.04.08}
}

@ARTICLE{Kubo2005,
  author = {Kubo, K. and Mtingwa, S. K. and Wolski, A.},
  title = {Intrabeam scattering formulas for high energy beams},
  journal = {Physical Review Special Topics - Accelerators and Beams},
  year = {2005},
  volume = {8},
  number = {081001},
  month = {August},
  doi = {doi:10.1103/PhysRevSTAB.8.081001},
  keywords = {IBS},
  owner = {natalia.milas},
  timestamp = {2014.04.08}
}

@ARTICLE{Mtingwa2008,
  author = {Mtingwa, S. K.},
  title = {A New High Energy Approximation of Intrabeam Scattering for Flat 
  Electron and Positron Beams},
  journal = {African Physical Review},
  year = {2008},
  volume = {1},
  number = {0001},
  month = {March},
  keywords = {IBS},
  owner = {natalia.milas},
  timestamp = {2014.04.08}
}



