@book{sands1970physics,
  title={The physics of electron storage rings: an introduction},
  author={Sands, Matthew},
  year={1970},
  publisher={Stanford Linear Accelerator Center Stanford, CA 94305}
}